<collection xmlns="http://www.loc.gov/MARC21/slim">
<record>
  <leader>01346nam0a22002771i 450 </leader>
  <controlfield tag="001">IT\ICCU\CNCE\028659</controlfield>
  <controlfield tag="005">19991130000000.0</controlfield>
  <datafield tag="012" ind1=" " ind2=" ">
    <subfield code="a">n-u- 63a- seo- cate (3) 1596 (R)</subfield>
    <subfield code="2">fei</subfield>
  </datafield>
  <datafield tag="100" ind1=" " ind2=" ">
    <subfield code="a">19971112d1596        0itac0103    ba</subfield>
  </datafield>
  <datafield tag="101" ind1=" " ind2=" ">
    <subfield code="a">LAT</subfield>
  </datafield>
  <datafield tag="102" ind1=" " ind2=" ">
    <subfield code="a">IT</subfield>
  </datafield>
  <datafield tag="200" ind1="1" ind2=" ">
    <subfield code="a">Librorum ad scientiam de natura attinentium, pars tertia ...</subfield>
  </datafield>
  <datafield tag="210" ind1=" " ind2=" ">
    <subfield code="a">Venetiis</subfield>
    <subfield code="c">apud Franciscum de Francisci</subfield>
    <subfield code="d">1596</subfield>
  </datafield>
  <datafield tag="215" ind1=" " ind2=" ">
    <subfield code="a">\13!, 132 c.</subfield>
    <subfield code="d">fol</subfield>
  </datafield>
  <datafield tag="620" ind1=" " ind2=" ">
    <subfield code="a">IT</subfield>
    <subfield code="d">Venezia</subfield>
  </datafield>
  <datafield tag="700" ind1=" " ind2="1">
    <subfield code="a">Piccolomini,</subfield>
    <subfield code="b">Francesco</subfield>
    <subfield code="3">IT\ICCU\CNCA\008508</subfield>
  </datafield>
  <datafield tag="712" ind1="0" ind2="0">
    <subfield code="a">De_Franceschi, Francesco</subfield>
    <subfield code="c"> &lt;senese&gt;</subfield>
    <subfield code="3">IT\ICCU\CNCT\000366</subfield>
    <subfield code="4">650</subfield>
  </datafield>
  <datafield tag="790" ind1=" " ind2="1">
    <subfield code="a">Piccolomineus,</subfield>
    <subfield code="b">Franciscus</subfield>
    <subfield code="3">IT\ICCU\CNCA\021733</subfield>
    <subfield code="z">Piccolomini, Francesco</subfield>
  </datafield>
  <datafield tag="791" ind1="0" ind2="0">
    <subfield code="a">Franceschi, Francesco de</subfield>
    <subfield code="3">IT\ICCU\CNCT\003741</subfield>
    <subfield code="z">De_Franceschi, Francesco &lt;senese&gt;</subfield>
  </datafield>
  <datafield tag="791" ind1="0" ind2="2">
    <subfield code="a">Franciscus Senensis</subfield>
    <subfield code="3">IT\ICCU\CNCT\003742</subfield>
    <subfield code="z">De_Franceschi, Francesco &lt;senese&gt;</subfield>
  </datafield>
  <datafield tag="791" ind1="0" ind2="2">
    <subfield code="a">Francesco Senese</subfield>
    <subfield code="3">IT\ICCU\CNCT\003743</subfield>
    <subfield code="z">De_Franceschi, Francesco &lt;senese&gt;</subfield>
  </datafield>
  <datafield tag="791" ind1="0" ind2="0">
    <subfield code="a">Franciscius, Franciscus</subfield>
    <subfield code="3">IT\ICCU\CNCT\003744</subfield>
    <subfield code="z">De_Franceschi, Francesco &lt;senese&gt;</subfield>
  </datafield>
  <datafield tag="791" ind1="0" ind2="0">
    <subfield code="a">Franciscis, Franciscus de</subfield>
    <subfield code="3">IT\ICCU\CNCT\003745</subfield>
    <subfield code="z">De_Franceschi, Francesco &lt;senese&gt;</subfield>
  </datafield>
  <datafield tag="801" ind1=" " ind2="3">
    <subfield code="a">IT</subfield>
    <subfield code="b">ICCU</subfield>
    <subfield code="c">20201114</subfield>
  </datafield>
  <datafield tag="899" ind1=" " ind2=" ">
    <subfield code="a">Biblioteca dell&apos;Eremo di Camaldoli. Camaldoli - Poppi</subfield>
    <subfield code="1">AR0101</subfield>
    <subfield code="2">CFI EC</subfield>
  </datafield>
  <datafield tag="899" ind1=" " ind2=" ">
    <subfield code="a">Biblioteca statale del Monumento nazionale. Cava dei Tirreni</subfield>
    <subfield code="1">SA0088</subfield>
    <subfield code="2">NAP 95</subfield>
  </datafield>
</record>
</collection>
